@techreport{elkadi_tracer_2012,
author={El-Kadi-Abderrezak, K. and Luck, M.},
title={Outil de simulation 1-D MASCARET V7.1. Module de qualité d'eau TRACER. Note de principe},
institution={EDF R\&D-LNHE},
note="H-P73-2011-01786-FR",
year = {2012}
}

@article{kashefipour_dispersion_2002,
	title = {Longitudinal dispersion coefficients in natural channels},
	volume = {36},
	number = {6},
	journal = {Water Research},
	author = {Kashefipour, S.M. and Falconer, R.A.},
	year = {2002},
	pages = {1596--1608}
}

@article{streeter_ohio_1925,
	title = {A study of the pollution and natural purification of the Ohio River, III : Factors concerned in the phenomena of oxidation and reaeration},
	volume = {146},
	journal = {US Public Health Service, Washington DC},
	author = {Streeter, H.W. and Phelps, E.B.},
	year = {1925},
	pages = {1--75}
}

@book{tchobanoglous_wq_1985,
author = {Tchobanoglous, G. and Schroeder, E.},
title = {Water Quality},
publisher = {University of California at Davis, Addison-Wesley Publishing Company},
year = {1985}
}

@book{mccutcheon_wq_1989,
author = {Mc Cutcheon, S.C.},
title = {Water Quality Modelling},
volume = {I},
publisher = {Transport and Surface Exchange in Rivers. CRC press. Inc.},
year = {1989},
pages = {103--110}
}

@techreport{gosse_biomass_1983,
author={Gosse, P.},
title={Développement du phytoplancton dans un écosystème aquatique, code Biomass},
institution={EDF DER-ENV},
note="E 31.83 n$^\circ$30",
year = {1983}
}

@article{gosse_doubs_1989,
author={Gosse, P.},
title={Monitoring the quality of water in the Doubs river (France)},
journal = {Hydroécol. Appl. 1/2},
year = {1989}
pages = {85--116},
}

@techreport{gosse_doubs_1983,
author={Gosse, P.},
title={De la qualité des eaux du Doubs entre le Lougres et Dôle, de mai à octobre 1981},
institution={EDF-ENV, LNHE},
note="E 31/82 n$^\circ$21 + E 31/82 n$^\circ$55",
year = {1982}
}

@book{krone_flume_1962,
author = {Krone, R.B.},
title = {Flume studies of the transport of sediment in estuarial shoaling processes: final report},
publisher = {Hydr. Engr. and San. Engr., Res. Lab., Univ. Calif. Berkeley},
year = {1962}
}

@article{partheniades_erosion_deposition_1965,
author={Partheniades, E.},
title={Erosion and Deposition of Cohesive Soils},
journal = {Journal of the Hydraulics Division},
year = {1965},
volume = {91},
number = {HY 1},
pages = {105--139},
}

@techreport{ciffroy_doubs_1995,
author={Ciffroy, P.},
title={Les échanges de radioéléments à l’interface Eau-Matières en suspension.
Principe théorique et équations d’un modèle descriptif. Bilan des expérimentations in situ.},
institution={EDF DER-ENV},
note="HE-31/95/21",
year = {1995}
}

@article{gilbert_num_comp_nat_river_1986,
author={Gilbert, A. and Gras, R. and Roult, D.},
title={Numerical computation of natural river temperatures},
journal = {International Conference on Water Quality Modelling in The Inland Natural Environment, Bournemouth, England, 10-13 June 1986},
year = {1986},
pages = {457--472},
}

@techreport{klein_ray_solaire_1979,
author={Klein, P. and Momal, D.},
title={Méthode d'estimation du rayonnement solaire, sa mise en \oe uvre numérique},
institution={EDF DER-ENV},
note="HE/31-79.15",
year = {1979}
}

@book{perrin_ray_solaire_1963,
author = {Perrin de Brichambaut, C.},
title = {Rayonnement solaire et \'{e}changes radiatifs naturels},
publisher = {Ed. Gauthier-Villars},
year = {1963}
}

@book{perrin_res_solaires_1975,
author = {Perrin de Brichambaut, C.},
title = {Estimation des ressources \'{e}nerg\'{e}tiques solaires en France},
publisher = {Suppl\'{e}ment aux cahiers A.F.E.D.E.S. num\'{e}ro 1},
year = {1975}
}

@article{berliand_cloud_1952,
author = {Berliand, M.E. and Berliand, T.G.},
title =  {Measurement of the effective radiation of the earth with varying cloud amounts (in Russian)},
journal = {Izv. Akad. Nauk SSSR, Ser. Geofiz.},
volume = {1},
year = {1952},
pages = {64--78},
}

@article{berliand_radiatssi_1960,
author = {Berliand, T.G.},
title = {Metodika Kilamatologicheskikh naschetov summarnoi radiatsii},
journal = {Meteor. Hydrol.},
volume = {6},
pages = {9--12},
year = {1960}
}

@article{payne_albedo_1972,
author = {Payne R.E.},
title = {Albedo of the sea surface},
journal = {Journal of the Atmospheric Sciences},
volume = {29},
pages = {959--970},
year = {1972}
}

@article{paulson_irradiance_1977,
author = {Paulson, C.A. and Simpson, J.J.},
title = {Irradiance measurements in the upper ocean},
journal = {Journal of Physical Oceanography},
volume = {7},
pages = {952--956},
year = {1977}
}

@book{jerlov_optical_1968,
author = {Jerlov, N.G.},
title = {Optical oceanography},
publisher = {Ed. Elsevier},
year = {1968}
}

@book{kraus_atmos_1972,
author = {Kraus, E.B.},
title = {Atmosphere-Ocean Interaction},
publisher = {Oxford University Press},
year = {1972}
}

@book{salencon_lac_1997,
author = {Salencon, M.J. and Th\'{e}bault, J.M.},
title = {Mod\'{e}lisation d'\'{e}cosyst\`{e}me lacustre},
publisher = {Ed. Masson},
ISBN = {2-225-85627-3},
year = {1997}
}

@book{imerito_dyresm_2007,
author = {Imerito, A.},
title = {Dynamic Reservoir Simulation Model {DYRESM v4. V4.0 Science Manual}},
publisher = {Rapport du Centre for Water Research, University of Western Australia},
year = {2007}
}

@article{henderson-sellers_energy_balance_1986,
author = {Henderson-Sellers, B.},
title = {Calculating the surface energy balance for lake and reservoir modeling: A review},
journal = {Reviews of Geophysics},
volume = {24},
number = {3},
pages = {625--649},
year = {1986}
}

@book{tva_heat_1972,
author = {Tennessee Valley Authority},
title = {Heat and mass transfer between a water surface and the atmosphere},
publisher = {Water Resources Research Report No 0-6803},
year = {1972}
}

@article{sweers_wind_1976,
author = {Sweers, H.E.},
title = {Monograms to estimate the heat-exchange coefficient at the air-water interface as a function of wind speed and
temperature; a critical survey of some literature},
journal = {Journal of Hydrology},
volume = {30},
pages = {375--401},
year = {1976}
}
