@InProceedings{Quetin1977,
  author = 	 {GAUTHIER M. and QUETIN B.},
  title = 	 {Modèles mathématiques de calcul des écoulements induits par le vent},
  booktitle = {17e congrès de l'AIRH},
  year = 	 {1977},
  address = 	 {Baden-Baden},
  month = 	 {August}
}
@Article{Tsanis1989,
  author = 	 {TSANIS I.},
  title = 	 {Simulation of Wind-Induced Water Currents},
  journal = 	 {Journal of hydraulic Engineering},
  year = 	 {1989},
  volume = 	 {115},
  number = 	 {8},
  pages = 	 {1113-1134}
}
@Article{Smagorinsky1963,
  author = 	 {SMAGORINSKY J.},
  title = 	 {General simulation experiments with the primitive equations},
  journal = 	 {Monthly Weather Review},
  year = 	 {1963},
  volume = 	 {91},
  number = 	 {3},
  pages = 	 {99-164},
  month = 	 {March}
}
@TechReport{HervouetProg2009,
  author = 	 {HERVOUET J.-M.},
  title = 	 {Guide to programming in the TELEMAC system version 6.0},
  institution =  {EDF R\&D-LNHE},
  year = 	 {2009},
  number = 	 {H-P74-2009-00801-EN}
}
@TechReport{Pham2012,
  author = 	 {PHAM C.-T. and BOURBAN S. and DURAND N. and TURNBULL M.},
  title = 	 {Méthodologie pour la simulation de la marée avec la version 6.2 de TELEMAC-2D et TELEMAC-3D},
  institution =  {EDF R\&D-LNHE},
  year = 	 {2012},
  number = 	 {H-P74-2012-02534-FR}
}
@TechReport{JolyGoeury2013,
  author = 	 {JOLY A. and GOEURY C. and HERVOUET J.-M.},
  title = 	 {Adding a particle transport module to TELEMAC-2D with applications to algae blooms and oil spills},
  institution =  {EDF R\&D-LNHE},
  year = 	 {2013},
  number = 	 {H-P74-2013-02317-EN}
}
@Book{Metcalf1990,
  author = 	 {METCALF M. and REID J.},
  title = 	 {Fortran 90 explained},
  publisher = 	 {Oxford Science Publications},
  year = 	 {1990}
}
@Book{Janin1996,
  author = 	 {JANIN J.-M. and HERVOUET J.-M. and MOULIN C.},
  title = 	 {A positive conservative scheme for scalar advection using the
    M.U.R.D technique in 3D free-surface flow problems},
  publisher = 	 {XI${}^{th}$ International Conference on Computional methods
    in water resources},
  year = 	 {1996}
}
@Book{Hervouet1991,
  author = 	 {HERVOUET J.-M.},
  title = 	 {M\'{e}thodes it\'{e}ratives pour la solution des syst\`{e}mes
    matriciels.},
  publisher = 	 {Rapport EDF HE43/93.049/A},
  year = 	 {1996}
}
@Article{KumarGurram1997,
  author  = {Sampath Kumar Gurram and Karam S. Karki and Willi H. Hager},
  title   = {Subcritical Junction Flow},
  journal = {Journal of Hydraulic Engineering},
  year    = {1997},
  volume =   {123},
  number =   {5},
  pages =    {447-455},
  month =    {may}
}
@Book{HervouetMaple,
  author = 	 {HERVOUET J.-M. and C. LENORMANT},
  title = 	 {Symbolic computation of Finite Element matrices with MAPLE V.},
  publisher = 	 {Rapport EDF HE43/97.048/A},
  year = 	 {1997}
}
@InProceedings{LaND15,
  TITLE = {{Numerical Reproducibility: Feasibility Issues}},
  AUTHOR = {Langlois, Philippe and Nheili, Rafife and Denis, Christophe},
  HAL = {http://hal-lirmm.ccsd.cnrs.fr/lirmm-01141852},
  BOOKTITLE = {{NTMS'2015: 7th IFIP International Conference on New Technologies, Mobility and Security}},
  ADDRESS = {Paris, France},
  ORGANIZATION = {{IEEE, IEEE COMSOC \& IFIP TC6.5 WG}},
  DOI={10.1109/NTMS.2015.7266509},
  PAGES = {1-5},
  YEAR = {2015},
  MONTH = Jul,
  KEYWORDS = {finite element simulation ; Tomawac ; floating-point arithmetic ; Numerical reproducibility ; open Telemac-Mascaret},
  PDF = {http://hal-lirmm.ccsd.cnrs.fr/lirmm-01141852/file/LangloisNheiliDenis.pdf},
  HAL_ID = {lirmm-01141852},
  HAL_VERSION = {v1},
}
@InProceedings{LaND16,
  TITLE = {{Recovering numerical reproducibility in hydrodynamic simulations}},
  AUTHOR = {Langlois, Philippe and Nheili, Rafife and Denis, Christophe},
  YEAR = {2016},
  MONTH = jul,
  booktitle = {23rd IEEE International Symposium on Computer Arithmetic},
  pages = 	 "63--70",
  editor = 	 {P.~Montuschi, M.~Schulte, J.~Hormigo and S.~Oberman and N.~Revol},
  number = 	 {ISBN 978-1-5090-1615-0},
  DOI = {10.1109/ARITH.2016.27},
  publisher = {IEEE Computer Society},
  PDF = {http://hal-lirmm.ccsd.cnrs.fr/lirmm-01267612/file/arith.pdf},
  KEYWORDS = {Numerical reproducibility ; finite element ; domain decomposition ; hydrodynamics simulation ; HPC ; compensated algorithms ; openTelemac},
  key = 	 "acteconf",
  note = {(Silicon Valley, USA. July 10-13 2016)},
  HAL = {http://hal-lirmm.ccsd.cnrs.fr/lirmm-01267612}
}
@Article{Peterson2009,
  author  = {PETERSON P.},
  title   = {F2PY: a tool for connecting Fortran and Python programs},
  journal = {International Journal of Computational Science and Engineering},
  year    = {2009},
  volume =   {4},
  number =   {4},
  pages =    {296-305},
  month =    {january}
}
@article{Adduce2012,
  author = {Adduce, C. and Sciortino, G. and Proietti, S.},
  title = {Gravity Currents Produced by Lock Exchanges: Experiments and Simulations with a Two-Layer Shallow-Water Model with Entrainment},
  journal = {Journal of Hydraulic Research},
  volume = {138},
  number = {2},
  year = {2012}
}

@article{Barr1967,
  author = {Barr, D.},
  title = {Densimetric exchange flow in rectangular channels. {III}. Large scale experiments},
  journal = {La Houille Blanche},
  number = {22},
  pages = {619--632},
  year = {1967}
}

@article{Benjamin1968,
  author = {Benjamin, T.},
  title = {Gravity currents and related phenomena},
  journal = {Journal of Fluid Mechanics},
  volume = {31},
  number = {2},
  pages = {209--248},
  year = {1968}
}
@book{Turner1973,
  author = {Turner, J.},
  title = {Buoyancy effects in fluids},
  publisher = {Cambridge University Press},
  year = {1973}
}
@PHDTHESIS{Jankowski1999,
  author = {Jankowski, J.A.},
  title = {{A non-hydrostatic model for free surface flows}},
  school = {Universit\"{a}t Hannover},
  year = {1999},
  note = {Bericht Nr. 56/1999, Institut f\"{u}r Str\"{o}mungsmechanik und ERiB}
}

@article{Laitone1960,
  title={The second approximation to cnoidal and solitary waves},
  author={E. V. Laitone},
  journal={Journal of Fluid Mechanics},
  volume={9},
  year={1960},
  pages={430--444}
}

@article{Ramaswamy1990,
  title={Numerical simulation of unsteady viscous free surface flow},
  author={B. Ramaswamy},
  journal={Journal of Computational Physics},
  volume={90},
  year={1990},
  pages={396--430}
}

@Article{Abad08,
	author		= {Abad J.D., Buscaglia G.C. and Garcia M.H.},
	year		= {2008},
	title		= {2{D} stream hydrodynamic, sediment transport and bed morphology model for engineering applications.},
	journal		= {Hydrological Processes},
	volume		= {22},
	pages		= {1443--1459},
}
@Article{Engelund74,
	author		= {Engelund F.},
	year		= {1974},
	title		= {Flow and bed topography in channel bends},
	journal		= {Journal of Hydraulics ASCE},
	volume		= {100},
	pages		= {1631--1648},
}
@Article{Mendoza15,
	author		= {Mendoza A. and Abad J.D. and Langendoen E. and Wang D. and Tassi P. and El Kadi Abderrezzak K.},
	year		= {2016},
	title		= {Effect of sediment transport boundary conditions on the numerical modeling of bed morphodynamics.},
	journal		= {J. of Hydr. Eng.},
	volume		= {},
	pages		= {},
}

@InProceedings{KochFlokstra80,
  author = 	 {Koch F.G. and Flokstra C.},
  title = 	 {Bed level computations for curved alluvial channels.},
  booktitle = {Proceedings of the XIXth Congress of the Int. Ass. for Hydr. Res.},
  year = 	 {1980},
  address = 	 {New Delhi, India},
  month = 	 {}
}
@Book{Soulsby97,
  author = 	 {Soulsby R.},
  title = 	 {Dynamics of marine sands},
  publisher = 	 {H.R. Wallingford},
  year = 	 {1997}
}
@Article{Talmon95,
	author		= {Talmon A.M. and Struiksma N. and van Mierlo M.C.L.M},
	year		= {1995},
	title		= {Laboratory measurements of the direction of sediment transport on transverse alluvial-bed slopes.},
	journal		= {J. of Hydr. Res.},
	volume		= {33(4)},
	pages		= {495--517},
}
@Article{CelikRodi,
	author		= {Celik I. and Rodi W.},
	year		= {1988},
	title		= {Modelling Suspended Sediment Transport
in non- equilibrium situations},
	journal		= {Journal of Hydraulic Eng.},
	volume		= {114(10)},
	pages		= {},
}
@InProceedings{Huybrechts,
  author = 	 {Huybrechts N. and Villaret C. and Hervouet J-.M.},
  title = 	 {Comparison between 2{D} and 3{D}
modelling of sediment transport: application to the dune evolution.},
  booktitle = {Proceedings of the Riverflow 2010 conference},
  year = 	 {2010},
  address = 	 {},
  month = 	 {}
}
@Article{vanRijn84a,
	author		= {van Rijn L.C.},
	year		= {1984},
	title		= {Sediment transport - {P}art {I} : bed load},
	journal		= {J. of Hydraulic Division},
	volume		= {HY10},
	pages		= {1431-1456},
}
@Article{vanRijn84b,
	author		= {van Rijn L.C.},
	year		= {1984},
	title		= {Sediment transport - {P}art {II} : suspended load},
	journal		= {J. of Hydraulic Division},
	volume		= {HY11},
	pages		= {1631-1641},
}
@Article{Zyserman,
	author		= {Zyserman J.A. and Fredsoe J.},
	year		= {1994},
	title		= {Data analysis of bed concentration of
suspended sediment},
	journal		= {Journal of Hydraulic Engineering},
	volume		= {120},
	pages		= {1021-1042},
}
@Article{Ashida,
	author		= {Ashida K. and Mishiue M.},
	year		= {1973},
	title		= {Studies on bed load transport
rate in alluvial streams},
	journal		= {Trans JSCE},
	volume		= {4},
	pages		= {},
}
@Article{Egiazaroff,
	author		= {Egiazaroff I.V.},
	year		= {1965},
	title		= {Calculation of non-uniform sediment
concentrations},
	journal		= {J. of Hydr. Div. ASCE},
	volume		= {91(4)},
	pages		= {225-248},
}
@TechReport{Einstein,
  author = 	 {Einstein H.A.},
  title = 	 {The bed load function for sediment
transportation in open channel flow},
  institution =  {US Dep. Of Agriculture, Techn. Bull.},
  year = 	 {1950},
  number = 	 {}
}
@phdthesis{Hunziker,
  author       = {Hunziker R.P.},
  title        = {Fraktionsweiser Geschuebetransport},
  school       = {Versuchanstalt fur Wasserbau,
Hydrologie und Glaziologie, ETH Zurich},
  year         = 1993,
  address      = {Switzerland}
}
@techreport{Karim,
  author       = {Karim M.F. and Kennedy J.F.},
  title        = {A computer based flow and
sediment routing},
  institution  = {University of Iowa},
  year         = 1982,
  address      = {Iowa City, USA},
  note         = {IIH Report N$^\circ$250 Modelling for streams and its
application to the Missouri River}
}
@phdthesis{vanRijn87,
  author       = {van Rijn L.C.},
  title        = {Mathematical modelling of morphological processes in the case of suspended sediment transport},
  school       = {Faculty of civil
engineering, Delft University of technology},
  year         = 1987,
  address      = {Delft, The Netherlands}
}
@conference{Bijker,
  author       = {Bijker E.W.},
  title        = {Mechanics of sediment transport by the
combination of waves and current.},
  booktitle    = {Design and Reliability of Coastal
Structures},
  year         = 1968,
  note         = {23$^{rd}$ Int. Conf. on Coastal Engineering},
  pages        = {147-173}
}
@techreport{Swart,
  author       = {Swart D.H.},
  title        = {Offshore sediment transport and
equilibrium beach profiles},
  institution  = {Delft University,
The Netherlands},
  year         = 1976,
  note         = {Delft Hydraulics Publication 131}
}
@phdthesis{Lan12,
  author       = {Lan A.V.D.},
  title        = {Numerical modelling of sand-mud mixtures settling and
transport processes : application to morphodynamic of
the Gironde estuary (France)},
  school       = {Universit\'e Paris-Est},
  year         = 2012,
  address      = {Paris, France}
}

@Book{Vreugdenhil:94,
  title = {Numerical Methods for Shallow Water Flow},
  author = {Vreugdenhil C.B.},
  edition = {2nd},
  publisher = {Kluwer Academic Publishers: Dordrecht, Netherlands},
  year = {1994}
}

@Article{cao02,
  author = 	 {Cao Z. and Day R. and Egashira S.},
  title = 	 {Coupled and decoupled numerical modelling of flow and morphological evolution in alluvial rivers},
  journal = 	 {Journal of Hydraulic Engineering},
  year = 	 {2002},
  volume = 	 {128},
  number = 	 {3},
}

@Article{vriend87,
  author = 	 {de Vriend H.J.},
  title = 	 {2{DH} mathematical modelling of morphological evolutions in shallow water},
  journal = 	 {Coastal Engineering},
  year = 	 {1987},
  number = 	 {11},
  pages = 	 {1--27},
}

@Article{Frac02,
  author = 	 {L. Fraccarollo and H. Capart},
  title = 	 {{Riemann wave description of erosional dam-break flows}},
  journal = 	 {J. Fluid Mech.},
  year = 	 2002,
  volume = 	 461,
  pages = 	 {183-228}
}

@ARTICLE{Defina2003,
	author = {Defina, A.},
	title = {Numerical experiments on bar growth},
	journal = {Water Resources Research},
	year = {2003},
	volume = {39(4)}
}

@ARTICLE{Crosato2011,
	author = {Crosato, A. and E. Mosselman and F. Beidmariam Desta and W. S. J. Uittewaal},
	title = {Experimental and numerical evidence for intrinsic nonmigrating bars in alluvial channels},
	journal = {Water Resources Research},
	year = {2011},
	volume = {47}
}

@ARTICLE{Whiting1993a,
	author = {Whiting, P. J. and W. E. Dietrich},
	title = {Experimental studies of bed topography and flow patterns in large-amplitude meanders, 1 Observations},
	journal = {Water Resources Research},
	year = {1993},
	volume = {vol. 29},
          pages = {3605-3614},
	number = {11}
}

@ARTICLE{Whiting1993b,
	author = {Whiting, P. J. and W. E. Dietrich},
	title = {Experimental studies of bed topography and flow patterns in large-amplitude meanders, 2 Mechanisms},
	journal = {Water Resources Research},
	year = {1993},
	volume = {vol. 29},
          pages = {3615-3622},
	number = {11}
}

@BOOK{GarciaBook2006,
	title = {Manual of Practice 54, Sedimentation Engineering},
	publisher = {Classic Edition, V.A. Vanoni (editor), Environmental and Water Resources Institute (EWRI), American Society of Civil Engineers (ASCE)},
	author = {García, M. H.},
	year = {2006},
	pages = {418},
}

@InProceedings{Knaapen12,
  author = 	 {Knaapen M.A.F. and Joustra R.},
  title = 	 {Morphological acceleration factor: usability, accuracy and r
un time reductions 2D and 3D modelling of sediment transport -- application to the dune evolution.},
  booktitle = {Proceedings of {XIX}th {TELEMAC
-MASCARET} {U}ser {C}onference},
  year = 	 {2012},
  address = 	 {Oxford, UK},
  month = 	 {18-19 October}
}

@article{ElKadiAbderrezzak201675,
title = "Modelling river bank erosion using a 2D depth-averaged numerical model of flow and non-cohesive, non-uniform sediment transport ",
journal = "Advances in Water Resources ",
volume = "93, Part A",
number = "",
pages = "75 - 88",
year = "2016",
url = "http://www.sciencedirect.com/science/article/pii/S0309170815002638",
author = "El Kadi Abderrezzak K. and Die Moran A. and Tassi P. and Ata R. and Hervouet J.M."
}

@InProceedings{Hervouet11,
  author = 	 {Hervouet J.M., Razafindrakoto E. and Villaret C.},
  title = 	 {Dealing with dry zones
in free surface flows, a new class of advection scheme.},
  booktitle = {Proceedings of the 34th IAHR World Congress},
  year = 	 {2011},
  address = 	 {Brisbane, Australia},
  month = 	 {July}
}

@article{Hirano1971,
title = "On riverbed variation with armoring",
journal = "Proc Jpn Soc Civil Eng",
volume = "195",
number = "",
pages = "55 - 65",
year = "1971",
author = "Hirano M.",
}


@book{wu2007computational,
  title={Computational River Dynamics},
  author={Wu, W.},
  isbn={9780415449618},
  lccn={2007040342},
  year={2007},
  publisher={Taylor \& Francis}
}

@article{WibergHarris,
title = "Ripple geometry in
wave-dominated environments",
journal = "Journal of Geophysical Research",
volume = "99",
number = "C1",
pages = "775--789",
year = "1994",
author = "Wiberg P.L. and Harris C.K.",
}


@article{vanRijn07,
title = "Unified view of sediment transport by currents and waves. 1. Initiation of motion, bed roughness, and bed-load transport",
journal = "Journal of Hydraulic Engineering",
volume = "133",
number = "6",
pages = "649--667",
year = "2007",
author = "van Rijn L.C.",
}

@Book{Winterwerp,
  author = 	 {Winterwerp J.C. and van Kesteren W.G.M.},
  title = 	 {Introduction to the Physics of Cohesive Sediment Dynamics in the Marine Environment},
  publisher = 	 {Elsevier},
  year = 	 {2004},
  pages =        {576pp}
}

@article{Bailard,
title = "An energetics total load transport model
for a plane sloping beach",
journal = "Journal of Geophysical Research",
volume = "86",
number = "C11",
pages = "10938-10954",
year = "1981",
author = "Bailard J.",
}

@InProceedings{Dibajnia,
  author = 	 {Dibajnia M. and Watanabe A.},
  title = 	 {Sheet flow under non-linear
waves and currents.},
  booktitle = {Proc. of the Intl. Conf. on Coastal Eng.},
  year = 	 {1992},
  address = 	 {},
  pages =        {2015-2029},
  month = 	 {}
}

@phdthesis{deLinaresthesis,
  author       = {Matthieu De Linares},
  title        = {Modélisation numérique bidimensionnelle du transport solide et de la dynamique fluviale. Validation sur deux sites en Loire et sur l'Arc},
  school       = {Université Joseph-Fourier - Grenoble I},
  year         = 2007,
  address      = {},
  note         = {In French}
}

@techreport{Miles96,
  author       = {Miles G.V.},
  title        = {Numerical model simulation of entrainment of sand bed material},
  institution  = {Hydraulics {R}esearch {W}allingford, UK},
  year         = 1986,
  month        = March,
  note         = {Report No {SR} 75}
}


@article{WongParker06,
title = "Reanalysis and correction of bed-load relation of Meyer-Peter and
Müller using their own database",
journal = "Journal of Hydraulic Engineering",
volume = "132",
number = "11",
pages = "1159-1168",
year = "2006",
author = "Wong, M. and Parker, G.",
}

@phdthesis{thiebot08,
  author       = {Thiébot J.},
  title        = {Modélisation numérique des processus gouvernant la formation et la
dégradation des massif vaseux},
  school       = {ENGREF- Uniersité de Caen},
  year         = 2008,
  address      = {},
  note         = {In French}
}

@InProceedings{Merkeletal2012,
  author = 	 {Merkel U.H. and Kopmann R.},
  title = 	 {Continuous Vertical Grain
Sorting for {T}elemac \& {S}isyphe v6p2},
  booktitle = {XIXth
TELEMAC-MASCARET User Conference},
  year = 	 {2012},
  address = 	 {Oxford, UK}
}

@InProceedings{Merkel2017,
  author = 	 {Merkel U.H.},
  title = 	 {{C}-{VSM}-{II}: Large Scale and Long Time Simulations with
{S}isyphe's Continuous Vertical Grain Sorting Model},
  booktitle = {XXIVth TELEMAC-MASCARET User conference},
  year = 	 {2017},
  address = 	 {Graz, Austria}
}

@ARTICLE{Wilcock2003,
  author = {Wilcock, Peter R and Crowe, Joanna C},
  title = {Surface-based transport model for mixed-size sediment},
  journal = {Journal of Hydraulic Engineering},
  year = {2003},
  volume = {129},
  pages = {120--128},
  number = {2},
  publisher = {American Society of Civil Engineers},
  timestamp = {2016.03.31}
}

@ARTICLE{Proffitt1983,
  author = {Proffitt, GT and Sutherland, AJ},
  title = {Transport of non-uniform sediments},
  journal = {Journal of Hydraulic Research},
  year = {1983},
  volume = {21},
  pages = {33--43},
  number = {1},
  publisher = {Taylor \& Francis},
  timestamp = {2016.03.31}
}

@ARTICLE{Parker1990,
  author = {Parker, Gary},
  title = {Surface-based bedload transport relation for gravel rivers},
  journal = {Journal of hydraulic research},
  year = {1990},
  volume = {28},
  pages = {417--436},
  number = {4},
  publisher = {Taylor \& Francis},
  timestamp = {2016.03.02}
}

@ARTICLE{Recking2015,
  author = {Recking, Alain and Piton, Guillaume and Vazquez-Tarrio, Daniel and
	Parker, Gary},
  title = {Quantifying the Morphological Print of Bedload Transport},
  journal = {Earth Surface Processes and Landforms},
  year = {2015},
  volume = {41(6)},
  pages = {809--822},
  publisher = {Wiley Online Library},
  timestamp = {2016.04.07}
}

@ARTICLE{An2017,
  author = {An, Chenge and Cui, Yantao and Fu, Xudong and Parker, Gary},
  title = {Gravel-bed River Evolution in Earthquake-Prone Regions Subject to
	Cycled Hydrographs and Repeated Sediment Pulses},
  journal = {Earth Surface Processes and Landforms},
  year = {2017},
  volume = {42(15)},
  pages = {2503--2696},
  publisher = {Wiley Online Library},
  timestamp = {2017.10.23}
}

@CONFERENCE{Cordier2016tuc,
  author = {Cordier, F. and Tassi, P. and Claude, N. and Crosato, A. and Rodrigues,
	S. and Pham Van Bang, D.},
  title = {Numerical modelling of graded sediment transport based on the experiments
	of Wilcock and Crowe (2003)},
  booktitle = {XXIIIrd TELEMAC-MASCARET User Conference Proceedings},
  year = {2016},
  timestamp = {2017.12.21},
  url = {http://www.opentelemac.org/index.php/2016}
}

@ARTICLE{Parker1993,
  author = {Parker, Gary and Wilcock, Peter R},
  title = {Sediment feed and recirculating flumes: Fundamental difference},
  journal = {Journal of Hydraulic Engineering},
  year = {1993},
  volume = {119},
  pages = {1192--1204},
  number = {11},
  owner = {},
  publisher = {American Society of Civil Engineers},
  timestamp = {2017.12.22}
}

@ARTICLE{Wilcock1993,
  author = {Wilcock, Peter R and McArdell, Brian W},
  title = {Surface-based fractional transport rates: Mobilization thresholds
	and partial transport of a sand-gravel sediment},
  journal = {Water Resources Research},
  year = {1993},
  volume = {29},
  pages = {1297--1312},
  number = {4},
  publisher = {Wiley Online Library},
  timestamp = {2016.04.05}
}

@ARTICLE{Lanzoni2000a,
  author = {Lanzoni, Stefano},
  title = {Experiments on bar formation in a straight flume 1. Uniform sediment},
  journal = {Water Resources Research},
  year = {2000},
  volume = {36},
  pages = {3337--3349},
  number = {11}
}

@ARTICLE{Lanzoni2000b,
  author = {Lanzoni, Stefano},
  title = {Experiments on bar formation in a straight flume: 2. Graded sediment},
  journal = {Water Resources Research},
  year = {2000},
  volume = {36},
  pages = {3351--3363},
  number = {11},
  publisher = {Wiley Online Library}
}

@MISC{Kleinhans2004,
  author = {Kleinhans, MG},
  title = {Experimental dune trough scour in sediment mixtures},
  howpublished = {Marine Sandwave and RIver Dune Dynamics},
  year = {2004}
}

@ARTICLE{Crosato2012,
  author = {Alessandra Crosato and Frehiwot Beidmariam Desta and John Cornelisse
	and Filip Schuurman and Wim S. J. Uijttewaal},
  title = {Experimental and numerical findings on the long-term evolution of
	migrating alternate bars in alluvial channels},
  journal = {Water Resources Research},
  year = {2012},
  volume = {48},
  pages = {1--14},
  number = {6},
  note = {W06524},
  doi = {10.1029/2011WR011320},
  issn = {1944-7973},
  keywords = {Modeling, Rivers, Geomorphology: fluvial, alternate bars, flume experiment,
	numerical modeling, river morphology},
  url = {http://dx.doi.org/10.1029/2011WR011320}
}

@MANUAL{Southard2006,
  title = {12.090 Introduction to Fluid Motions, Sediment Transport, and Current-Generated
	Sedimentary Structures.},
  author = {John Southard},
  organization = {Fall 2006. Massachusetts Institute of Technology: MIT OpenCourseWare},
  comment = {License: Creative Commons BY-NC-SA.},
  owner = {},
  timestamp = {2017.12.22},
  url = {https://ocw.mit.edu.}
}

@ARTICLE{Bettess1995,
  author = {Bettess, R},
  title = {Discussion of Sediment Feed and Recirculating Flumes: Fundamental
	Difference by Gary Parker and Peter R. Wilcock},
  journal = {Journal of Hydraulic Engineering},
  year = {1995},
  volume = {121},
  pages = {292--294},
  number = {3},
  owner = {},
  publisher = {American Society of Civil Engineers},
  timestamp = {2017.12.22}
}

@ARTICLE{Hoey1994,
  author = {Hoey, Trevor B and Ferguson, Rob},
  title = {Numerical simulation of downstream fining by selective transport
	in gravel bed rivers: Model development and illustration},
  journal = {Water Resources Research},
  year = {1994},
  volume = {30},
  pages = {2251--2260},
  number = {7},
  publisher = {Wiley Online Library},
  timestamp = {2016.03.03}
}

@ARTICLE{Seal1997,
  author = {Seal, Rebecca and Paola, Chris and Parker, Gary and Southard, John
	B and Wilcock, Peter R},
  title = {Experiments on downstream fining of gravel: I. Narrow-channel runs},
  journal = {Journal of Hydraulic Engineering},
  year = {1997},
  volume = {123},
  pages = {874--884},
  number = {10},
  publisher = {American Society of Civil Engineers},
  timestamp = {2017.03.08}
}

@ARTICLE{ToroEscobar2000,
  author = {Toro-Escobar, Carlos M and Paola, Chris and Parker, Gary and Wilcock,
	Peter R and Southard, John B},
  title = {Experiments on downstream fining of gravel. II: Wide and sandy runs},
  journal = {Journal of Hydraulic Engineering},
  year = {2000},
  volume = {126},
  pages = {198--208},
  number = {3},
  publisher = {American Society of Civil Engineers},
  timestamp = {2017.03.08}
}

@ARTICLE{Defina2003,
  author = {Defina, Andrea},
  title = {Numerical experiments on bar growth},
  journal = {Water Resources Research},
  year = {2003},
  volume = {39},
  pages = {1--12},
  number = {4},
  publisher = {Wiley Online Library}
}

@ARTICLE{Qian2016,
  author = {Qian, Honglu and Cao, Zhixian and Liu, Huaihan and Pender, Gareth},
  title = {Numerical modelling of alternate bar formation, development and sediment
	sorting in straight channels},
  journal = {Earth Surface Processes and Landforms},
  year = {2016},
  volume = {607},
  pages = {613--622},
  note = {ESP-15-0409.R2},
  doi = {10.1002/esp.3988},
  issn = {1096-9837},
  keywords = {fluvial processes, sediment transport, alternate bar, sediment sorting,
	fluvial morphology},
  timestamp = {2017.03.08},
  url = {http://dx.doi.org/10.1002/esp.3988}
}

@ARTICLE{Mendoza2016,
  author = {Mendoza, Alejandro and Abad, Jorge D and Langendoen, Eddy J and Wang,
	Dongchen and Tassi, Pablo and Abderrezzak, Kamal El Kadi},
  title = {Effect of Sediment Transport Boundary Conditions on the Numerical
	Modeling of Bed Morphodynamics},
  journal = {Journal of Hydraulic Engineering},
  year = {2016},
  volume = {143},
  pages = {~},
  number = {4},
  publisher = {American Society of Civil Engineers},
  timestamp = {2017.12.05}
}

@ARTICLE{Cordier2017,
  author = {Cordier, F. and Tassi, P. and Claude, N. and Crosato, A. and Rodrigues,
	S. and Pham Van Bang, D.},
  title = {Influence of sediment size heterogeneity on free and hybrid alternate
	bar morphodynamics},
  journal = {Water Resources Research},
  year = {2018},
  volume = {Under revision},
  pages = {},
  timestamp = {2017.12.19}
}

@Article{Airh1986,
	author		= {AIRH / AIPCN},
	year		= {1986},
	title		= {Paramètres des états de mer.},
	journal		= {Supplément au bulletin N52 de l'AIRH},
	volume		= {},
	pages		= {},
}

@Article{Alves2003,
  author = 	 { J.H.G.M. ALVES and M.L. BANNER},
  title = 	 {Revisiting the Pierson-Moskowitz Asymptotic Limits for Fully Developed Wind Waves,},
  journal = 	 {Journal of Physical Oceanography,},
  year = 	 {2003},
  volume = 	 {33},
  pages = 	 {1301 - 1323},
}



@InProceedings{Bacchi2014,
  author = 	 { V. Bacchi and E. Gagnaire-Renou and N. Durand and M. Benoit},
  title = 	 {Wave energy dissipation by vegetation in TOMAWAC},
  booktitle = {21st Telemac- Mascaret User Club Grenoble},
  year = 	 {2014},
  month = 	 {October},
  organization = {21st Telemac- Mascaret User Club Grenoble},
}

@Inproceedings{Battjes1978,
	author		= {J.A. BATTJES and J.P.F.M. JANSSEN},
	year		= 1978,
	title		= {Energy loss and set-up due to breaking of random waves.},
	booktitle	= {Proc. 16th Int. Conf. Coastal Eng.},
	pages		= {569-587.},
}

 @PhdThesis{Becq1998,
  author = 	 {F. BECQ},
  title = 	 {Extension de la modélisation spectrale des états de mer vers le domaine côtier.},
  school = 	 {université de Toulon.},
  year = 	 {1998},
}

@TechReport{Benoit1996,
  author = 	 {M. BENOIT},
  title = 	 { Logiciel TOMAWAC de modélisation des états de mer en éléments finis. Dossier de validation de la version 1.0},
  institution =  {EDF-R\&D-LNH},
  year = 	 {1996},
  number = 	 {HE-42/96/010/B},
  note = 	 {Fiche cas-test : Génération d'états de mer en fonction de la distance d'action du vent (fetch)},
}

@TechReport{Benoit1996_2,
  author = 	 {M. BENOIT},
  title = 	 { Logiciel TOMAWAC de modélisation des états de mer en éléments finis. Dossier de validation de la version 1.0},
  institution =  {EDF-R\&D-LNH},
  year = 	 {1996},
  number = 	 {HE-42/96/010/B},
  note = 	 {Fiche cas-test : Evolution du spectre directionnel de houle dans un vent tournant},
}

@TechReport{Benoit1996_3,
  author = 	 {M. BENOIT},
  title = 	 { Logiciel TOMAWAC de modélisation des états de mer en éléments finis. Dossier de validation de la version 1.0},
  institution =  {EDF-R\&D-LNH},
  year = 	 {1996},
  number = 	 {HE-42/96/010/B},
  note = 	 {Fiche cas-test : Simulation des tempêtes observées en Manche début 1990},
}

@TechReport{Benoit1997,
  author = 	 {M. BENOIT},
  title = 	 { Logiciel TOMAWAC de modélisation des états de mer en éléments finis. Interactions non-linéaires de houle entre quadruplets de fréquences. Développement et mise en oeuvre de la méthode des interactions discrètes.},
  institution =  {EDF-R\&D-LNH},
  year = 	 {1997},
  number = 	 {HE-42/97/005},
}

@InProceedings{Benoit2005,
  author = 	 {M. BENOIT},
  title = 	 {Evaluation of methods to compute the non-linear quadruplet interactions for deep-water wave spectra.},
  booktitle = {5th Int. Symp. on Ocean Wave Measurement and Analysis (WAVES 2005)},
  year = 	 {2005},
  number = 	 {52},
}

@TechReport{Bidlot2007,
  author = 	 { J-R BIDLOT and P JANSSEN and S. ABDALLA},
  title = 	 {A revised formulation of ocean wave disspationand its model impact.},
  institution =  {ECMWF},
  year = 	 {2007},
  type = 	 {Tech. Rep. Memo.},
  address = 	 {Reading},
}

 @Article{Bouws1983,
	author		= {E. BOUWS and G.J. KOMEN},
	year		= {1983},
	title		= {On the balance between growth and dissipation in an extreme depth-limited wind-sea in the southern North-Sea.},
	journal		= {J. Phys. Oceanogr.},
	volume		= {13},
	pages		= {1653-1658},
}
@Inproceedings{Berkhoff1972,
	author		= { J.C.W. BERKHOFF},
	year		= 1972,
	title		= {Computation of combined refraction-diffraction.},
	booktitle	= {Proc. 13th Int. Conf. Coastal Eng.},
	publisher	= {ASCE},
	pages		= {471-490},
}

@Article{Bretherton1969,
	author		= {F.P. BRETHERTON and  C.J.R. GARRET},
	year		= {1969},
	title		= {Wavetrains in inhomogeneous moving media.},
	journal		= {Proc.Roy. Soc. London, Series A.},
	volume		= {302},
	pages		= {529-554},
}

@Article{Cavaleri1981,
	author		= {L  CAVALERI and P. MALANOTTE-RIZZOLI},
	year		= {1981},
	title		= { Wind wave prediction in shallow water : theory and applications.},
	journal		= {J. Geophys. Res.},
	volume		= {86 (C5)},
	pages		= {10,961--10,975},
}

@Book{CERC77,
  author = 	 {CERC},
  editor = 	 {Coastal Engineering Research Center (CERC)},
  title = 	 {Shore Protection Manual.},
  publisher = 	 {USACE},
  year = 	 {1977},
  address = 	 {Vicksburg, MS},
}

@Book{CERC84,
  author = 	 {CERC},
  editor = 	 {Coastal Engineering Research Center (CERC)},
  title = 	 {Shore Protection Manual Volume 1.},
  publisher = 	 {USACE},
  year = 	 {1984},
  address = 	 {Vicksburg, MS},
}

@TechReport{Chaloin1989,
  author = 	 {B. CHALOIN},
  title = 	 {Modèle d'états de mer - Rapport N${}^\circ$1 - Equations et méthodes de résolution.},
  institution =  { EDF-LNH},
  year = 	 {1989},
  number = 	 {HE-42/89.06B.},
}
@Article{Chang2006,
	author		= { H.-K Chang and J.-C Liou},
	year		= {2006},
	title		= {Solving wave dispersion equation for dissipative media using Homotopy perturbation technique.},
	journal		= {Journal of Waterway, Port, Coastal and Ocean Engeneering},
	volume		= {132},
	pages		= {28-35},
}

@TechReport{cowadis,
  author = 	 {F. Marcos and M. Benoit and P. Thellier },
  title = 	 {Cowadis software for finite element wave propagation in coastal areas : Validation document of release 1.0},
  institution =  {EDF R\&D},
  year = 	 {1998},
  key = 	 {HE-42/98/057/A},
}
@Article{Dean1991,
	author		= {R.G Dean},
	year		= {1991},
	title		= {Equilibrium beach profiles: characteristics and applications},
	journal		= {Journal of Coastal Research},
	volume		= { 7},
	pages		= {53–84},
}

@TechReport{Dingemans1983,
  author = 	 {M.W. DINGEMANS},
  title = 	 {Verification of numerical wave propagation models with field measurements. Crediz verification Haringvliet.},
  institution =  {Delft Hydraulics Laboratory},
  year = 	 {1983},
  key = 	 { W488},
}

@Article{Eldeberky1995,
	author		= {Y. ELDEBERKY and J.A. BATTJES},
	year		= {1995},
	title		= {Parameterisation of triads interactions in wave energy models.},
	journal		= {Proc. Coastal Dynamics'1995},
	pages		= { 140-148},
}

@TechReport{Esposito1981,
  author = 	 { P. ESPOSITO},
  title = 	 {Résolution bidimensionnelle des équations de transport par la méthode des caractéristiques.},
  institution =  { EDF-DER-LNH},
  year = 	 {1981},
  key = 	 {HE-41/81.16.},
}

@PhdThesis{Gagnaire2009,
  author = 	 {E. GAGNAIRE-RENOU},
  title = 	 {Amélioration de la modélisation spectrale des états de mer par un calcul quasi-exact des interactions non-linéaires vague-vague.},
  school = 	 {Université du Sud Toulon Var},
  year = 	 {2009},
  type = 	 {Phd Thesis},
}

@Article{Gagnaire2010,
	author		= {E. Gagnaire-Renou and M. Benoit and Ph. Forget},
	year		= {2010},
	title		= {Ocean wave spectrum properties as derived from quasi-exact computations of nonlinear wave-wave interactions.},
	journal		= {J. Geophys. Res. C (Oceans)},
	volume		= {115, C12, C12058},
	doi		= {10.1029/2009JC005665},
}

@Article{Goda1975,
  author = 	 {Y. Goda and Y. Suzuki},
  title = 	 {Computation of refraction and diffraction of sea waves with Mitsuyasu’s directional spectrum.},
  journal = 	 { Port and Harbour Res. Inst.},
  year = 	 {1975},
  pages = 	 {1-45},
}

@Article{Hasselmann1962_1,
	author		= { K. HASSELMANN},
	year		= {1962},
	title		= {On the non-linear energy transfer in a gravity-wave spectrum. Part I: General theory.},
	journal		= {J. Fluid Mech.},
	volume		= {12},
	pages		= {481-500},
}
@Article{Hasselmann1962_2,
	author		= { K. HASSELMANN},
	year		= {1962},
	title		= {On the non-linear energy transfer in a gravity-wave spectrum. Part II: Conservation theorems; wave-particle analogy ; irreversibility.},
	journal		= {J. Fluid Mech.},
	volume		= {15},
	pages		= {273-281.},
}

@Article{Hasselmann1973,
	author		= {K. HASSELMANN and T.P. BARNETT and  E. BOUWS and H. CARLSON and D.E. CARTWRIGHT and K. ENKE and J.A. EWING and H.  GIENAPP and  D.E. HASSELMANN and  P. KRUSEMAN and  A. MEERBURG and P. MULLER and D.J.  OLBERS and  K. RICHTER and W. SELL and H. WALDEN },
	year		= {1973},
	title		= {Measurements of wind-wave growth and swell decay during the Joint North Sea Wave Project (JONSWAP)},
	journal		= {Deutschen Hydrographischen Zeitschrift},
	volume		= {8 N 12},
}

@Article{Hasselmann1985_1,
	author		= { S. HASSELMANN and K. HASSELMANN },
	year		= {1985},
	title		= {Computations and parameterizations of the nonlinear energy transfer in gravity-wave spectrum. Part I: a new method for efficient computations of the exact nonlinear transfer integral.},
	journal		= {J. Phys. Oceanogr.},
	volume		= {15},
	pages		= {1369-1377},
}
@Article{Hasselmann1985_2,
	author		= {S. HASSELMANN and K. HASSELMANN and J.H. ALLENDER and T.P. BARNETT},
	year		= {1985},
	title		= {Computations and parameterizations of the nonlinear energy transfer in gravity-wave spectrum. Part II: Parameterizations of the nonlinear energy transfer for application in wave models.},
	journal		= {J. Phys. Oceanogr.},
	volume		= {15},
	pages		= {1378-1391},
}

@Article{Hedges1985,
	author		= {TS HEDGES  and K ANASTASIOU and D  GABRIEL},
	year		= {1985},
	title		= { Interaction of random waves and currents},
	journal		= {Waterway Port Coastal and Ocean Engineering},
	volume		= {111},
	pages		= {275--288},
}

 @Unpublished{Hersbach1999,
  author = 	 {H. HERBACH and P. JANSSEN and K. HASSELMANN},
  title = 	 {Change of WAM model integration scheme.},
  note = 	 {Personal communication - 12/06/96.},
  year = 	 {1996},
}

@Article{Herterich1980,
	author		= {K. HERTERICH and K. HASSELMANN },
	year		= {1980},
	title		= {A similarity relation for the non-linear energy transfer in a finite-depth gravity-wave spectrum. },
	journal		= {J. Fluid Mech.},
	volume		= {97},
	pages		= {215-224},
}
@Book{Hervouet2007,
	author		= {J-M. HERVOUET},
	year		= 2007,
	title		= {Hydrodynamics of free surface flows. Modelling with the finite element method.},
	publisher	= {John Wiley \& Sons, Ltd},
	address	= {Paris}
}

@Article{Holthuijsen2003,
  author = 	 {L.H.  HOLTHUIJSEN and A. HERMAN and N. BOOIJ },
  title = 	 {Phase-decoupled refraction-diffraction for spectral wave models.},
  journal = 	 {Coastal Engineering},
  year = 	 {2003},

  volume = 	 {49},

  pages = 	 {291-305},
}

@Article{Hubbert1991,
	author		= {K. P. Hubbert  and  J. Wolf},
	year		= {1991},
	title		= {Numerical investigation of depth and current refraction of waves},
	journal		= { Journal of Geophysical Research},
	volume		= {96},
	pages		= {2737-2748},
}


@Article{Izumiya1984,
	author		= {T. IZUMIYA and K. HORIKAWA },
	year		= {1984},
	title		= {Wave energy equation applicable in and outside the surf zone.},
	journal		= {Coastal Eng. in Japan},
	volume		= {27},
	pages		= {119-137},
}

@Article{Janssen1989,
	author		= {P.A.E.M. JANSSEN},
	year		= {1989},
	title		= {Wave-induced stress and the drag of air flow over sea waves.},
	journal		= {J. Phys. Oceanogr.},
	volume		= {19},
	pages		= {745-754},
}

@Article{Janssen1991,
	author		= { P.A.E.M. JANSSEN},
	year		= {1991},
	title		= {Quasi-linear theory of wind-wave generation applied to wave forecasting.},
	journal		= {J. Phys. Oceanogr.},
	volume		= {21},
	pages		= {1631-1642},
}

@Article{Kahma1992,
  author = 	 {K.K. KAHMA  and  C J. CALKOEN},
  title = 	 {Reconciling discrepancies in the observed growth of wind-generated waves.},
  journal = 	 {J. Phys. Oceanogr.},
  year = 	 {1992},
  volume = 	 {22},
  pages = 	 {1389-1405},
}

@Book{Komen1994,
	author		= {G.J. KOMEN and L. CAVALERI and M.  DONELAN and K.  HASSELMANN and S.  HASSELMANN and  P.A.E.M JANSSEN},
	year		= 1994,
	title		= {Dynamics and Modelling of ocean waves.},
	publisher	= {Cambridge University Press},
	address	= {Paris}
}
@Article{Komen1984,
	author		= {G.J. KOMEN and S. HASSELMANN and K. HASSELMANN },
	year		= {1984},
	title		= {On the existence of a fully developed wind-sea spectrum.},
	journal		= {J. Phys. Oceanogr.},
	volume		= {14},
	pages		= {1271-1285},
}

 @TechReport{Kriezi2006,
  author = 	 { E. KRIEZI},
  title = 	 {Incorporating diffraction effects in the TOMAWAC spectral wave model.},
  institution =  { EDF R\&D-LNHE},
  year = 	 {2006},
  type = 	 {Internal report},
}

@Article{Lai1989,
	author		= {R.J. LAI and S.R. LONG and N.E. HUANG },
	year		= {1989},
	title		= {Laboratory studies of wave-current interaction : kinematics of the strong interaction.},
	journal		= {Journal of Geophysical Research},
	volume		= {94},
	pages		= {16201-16214},
}

@Article{Lavrenov2001,
	author		= {I.V. LAVRENOV},
	year		= {2001},
	title		= {Effect of wind wave parameter fluctuation on the nonlinear spectrum evolution.},
	journal		= {J. Phys. Oceanogr.},
	volume		= {31},
	pages		= {861--873},
}

@Article{Liu2005,
	author		= {G.R. LIU and G.Y.  ZHANG and Y.T.  GU AND Y.Y. WANG},
	year		= {2005},
	title		= {A meshfree radial point interpolation method (RPIM) for three-dimensional solids.},
	journal		= {Computational Mechanics},
	volume		= {36},
	pages		= {421-430},
}
Losada, I.J., Silva, R., Losada, M.A. (1996) 3-D non-breaking regular wave interaction with submerged
breakwaters. Coastal Engineering 28(1–4), 229−248.

@Article{Losada1996,
  author = 	 {I.J. Losada and R. Silva and M.A. Losada},
  title = 	 {3D non breaking regular wave interaction with submerged breakwaters.},
  journal = 	 {Coastal Engineering},
  year = 	 {1996},
  volume = 	 {28},
  pages = 	 {229-248},
}

@Article{Madsen1992,
  author = 	 {P.A. MADSEN and O.R. SORENSEN },
  title = 	 { A new form of the Boussinesq equations with improved linear dispersion characteristics. Part 2: a slowly-varying bathymetry.},
  journal = 	 {Coastal Eng.},
  year = 	 {1992},
  volume = 	 {18},
  pages = 	 {183-205},
}

@Article{Madsen1993,
	author		= {P.A. MADSEN and O.R. SORENSEN },
	year		= {1993},
	title		= {Bound waves and triads interactions in shallow water.},
	journal		= {Ocean Eng.},
	volume		= {20 N${}^\circ$4},
	pages		= {359-388},
}

@Article{Mathiesen1987,
	author		= {M. MATHIESEN},
	year		= {1987},
	title		= {Wave refraction by a current whirl.},
	journal		= {Journal of Geophysical Research},
	volume		= {92},
	pages		= {3905-3912},
}

 @InBook{Mei1983,
  author = 	 {C.C. MEI},
  title = 	 {The applied dynamics of ocean surface waves.},
  publisher = 	 {John Wiley \& Sons},
  year = 	 {1983},
  address = 	 {New-York},
  pages = 	 {740},
}

@Article{Mendez2004,
	author		= {F. M. Mendez and I. J. Losada},
	year		= {2004},
	title		= {An empirical model to estimate the propagation of random breaking and nonbreaking waves over vegetation fields},
	journal		= {Coast. Eng.},
	volume		= {51},
	pages		= {103-118},
}

@Article{Mendez2004_2,
  author = 	 {F. M. Mendez and I. J. Losada},
  title = 	 {A perturbation method to solve dispersion equations for water waves over dissipatives media},
  journal = 	 {Coastal Engineering},
  year = 	 {2004},
  volume = 	 {51},
  pages = 	 {81-89},
}

@Article{Miles1957,
	author		= {J.W. MILES },
	year		= {1957},
	title		= {On the generation of surface waves by shear flows.},
	journal		= {J. Fluid Mech.},
	volume		= {3},
	pages		= {185-204},
}
@Article{Mitsuyasu1975,
	author		= {H. MITSUYASU and F. TASAI and T. SUHARA and S. MIZUNO and M. OHKUSU and T. HONDA and K. RIKIISHI },
	year		= {1975},
	title		= {Observations of the Directional Spectrum of Ocean WavesUsing a Cloverleaf Buoy},
	journal		= {J. Phys. Oceanogr.},
	volume		= {5},
	pages		= {750-760},
}
@Article{Phillips1957,
	author		= {O.M. PHILLIPS},
	year		= {1957},
	title		= {On the generation of waves by turbulent wind.},
	journal		= {J. Fluid Mech.},
	volume		= {2},
	pages		= {417445},
}
@Article{Phillips1958,
	author		= {O.M. PHILLIPS},
	year		= {1958},
	title		= {The equilibrium range in the spectrum of wind-generated waves.},
	journal		= {J. Fluid Mech.},
	volume		= {4},
	pages		= {426-434},
}
@Book{Phillips1977,
	author		= {O.M. PHILLIPS},
	year		= 1977,
	title		= {The dynamics of the upper ocean.},
	publisher	= {Cambridge University Press, Second edition},
	address		= {Cambridge}
}
@Article{Pierson1964,
	author		= {W.J. PIERSON and L. MOSKOWITZ},
	year		= {1964},
	title		= {Proposed Spectral Form for Fully Developed Wind Seas Based on the Similarity Theory of S. A. Kitaigorodskii.},
	journal		= {J. Geophys. Res.},
	volume		= {69},
	pages		= {5181-5190},
}
@Article{Porter2003,
	author		= {D. PORTER},
	year		= {2003},
	title		= {The mild-slope equations.},
	journal		= {J. Fluid Mechanics},
	volume		= {494},
	pages		= {51-631},
}
@TechReport{Ris1997,
  author = 	 {R.C. RIS },
  title = 	 {Spectral modelling of wind waves in coastal areas.},
  institution =  {Delft University of Technology},
  year = 	 {1997},
  key = 	 {ISSN 0169-6548},
  number = 	 {97-4},
  address = 	 {Delft, The Netherlands.},
  annote = 	 {Communication on Hydraulic and Geotechnical Engineering}
}
@Article{Roelvink1993,
	author		= {J.A. ROELVINK},
	year		= {1993},
	title		= {Dissipation in random wave groups incident on a beach.},
	journal		= {Coastal. Eng.},
	volume		= {19},
	pages		= {127-150},
}
@Article{Snyder1981,
	author		= {R.L. SNYDER. and F.W. DOBSON and J.A. ELLIOT and  R.B. LONG},
	year		= {1981},
	title		= {Array measurements of atmospheric pressure fluctuations above surface gravity waves.},
	journal		= {J. Fluid Mech.},
	volume		= {102},
	pages		= {1-59},
}
@Article{Staniforth1991,
	author		= {A. STANIFORTH and J. COTE },
	year		= {1991},
	title		= {Semi-Lagrangian integration schemes for atmospheric models - a review.},
	journal		= {Monthly Weather Review},
	volume		= {119},
	pages		= {22016-2223},
}
@Article{Suzuki2011,
	author		= { T. Suzuki and M. Zijlema and B. Burger and M. C. Meijer and S. Narayan},
	year		= {2011},
	title		= {Wave dissipation by vegetation with layer schematisation in SWAN},
	journal		= {Coast. Eng.},
	volume		= {59},
	pages		= {64-71},
}
@Article{Temperton1987,
	author		= {C. TEMPERTON AND A. STANIFORTH },
	year		= {1987},
	title		= {An efficient two-time-level semi-Lagrangian semi-implicit integration scheme.},
	journal		= {J. R. Meteorol. Soc.},
	volume		= {113},
	pages		= {1025-1039},
}
@Article{Thornton1983,
	author		= {E.B. THORNTON and R.T. GUZA},
	year		= {1983},
	title		= {Transformation of wave height distribution},
	journal		= {J. Geophys. Res.},
	volume		= {88},
	number		= {10},
	pages		= {5925-5938},
}
@Article{Tolman1991,
	author		= {H.L. TOLMAN},
	year		= {1991},
	title		= {A third-generation model for wind waves on slowly varying unsteady and inhomogeneous depths and currents.},
	journal		= {J. Phys. Oceanogr.},
	volume		= {21},
	pages		= {782-797},
}
@Article{Tolman1992,
	author		= {H.L. TOLMAN},
	year		= {1992},
	title		= {Effects of numerics on the physics in a third-generation wind-wave model.},
	journal		= {J. Phys. Oceanogr.},
	volume		= {22},
	pages		= {1095-1111},
}
@Article{Tolman2004,
	author		= {H.L. TOLMAN},
	year		= {2004},
	title		= {Inverse modeling of discrete interaction approximations for nonlinear interactions in wind waves.},
	journal		= {Ocean Modelling},
	volume		= {6},
	pages		= {405-422},
}

@Article{Vincent1989,
	author		= {C.L. VINCENT and M.J. BRIGGS},
	year		= {1989},
	title		= { Refraction-diffraction of irregular waves over a mound.},
	journal		= {Journal os Waterway, Port,Coastal and Ocean Engineering,},
	volume		= {115 N2},
	pages		= { 269-284},
}



@PhdThesis{Vanvledder1990,
  author = 	 {G.Ph. VAN VLEDDER },
  title = 	 { Directional response of wind waves to turning winds.},
  school = 	 {Delft University of Technology },
  year = 	 {1990},
}

@Article{Westhuys2007,
	author		= {A.J. Van\ der\ WESTHUYSEN and M. ZIJLEMA and J.A. BATTJES},
	year		= {2007},
	title		= {Nonlinear saturation-based whitecapping dissipation in swan for deep and shallow water. },
	journal		= {Coastal Eng.},
	volume		= {54},
	pages		= {151-170},
}
@Phdthesis{Westhuys2008,
	author		= {A.J. Van der WESTHUYSEN},
	year		= 2008,
	title		= {Advances in the spectral modelling of wind waves in the nearshore.},
	school		= {University of Technology, },
	address		= {Delft, The Nederlands}
}
@Article{Westhuys2012,
	author		= {A.J. Van der WESTHUYSEN },
	year		= {2012},
	title		= {Spectral modeling of wave dissipation on negative current gradients.},
	journal		= {Coastal Eng},
	volume		= {58},
	pages		= {17-30},
}
@Article{Wamdi1988,
	author		= {WAMDI},
	year		= {1988},
	title		= {The WAM-model - A third generation ocean wave prediction model.},
	journal		= {J. Phys.Oceanogr.,},
	volume		= {18},
	pages		= {1775-1810},
}
@Article{Webb1978,
	author		= {D.J. WEBB },
	year		= {1978},
	title		= {Non-linear transfer between sea waves.},
	journal		= {Deep Sea Research},
	volume		= {25},
	pages		= {279-298},
}
@Article{Willebrand1975,
	author		= {J. WILLEBRAND },
	year		= {1975},
	title		= {Energy transport in a non-linear and inhomogeneous random gravity wave field},
	journal		= {J. Fluid Mech.},
	volume		= {70},
	pages		= {113-126},
}


@Article{Wilson1965,
  author = 	 { B W. WILSON},
  title = 	 { Numerical prediction of ocean waves in the North Atlantic for December 1959.},
  journal = 	 {Deutsche Hydrographische Zeitschrift},
  year = 	 {1965},
  volume = 	 {18 (3)},
  pages = 	 {114-130},
}

@Article{Wise2007,
	author		= {WISE},
	year		= {2007},
	title		= { Wave modelling -- the state of the art.},
	journal		= {Progress in Oceanography},
	volume		= {75},
	pages		= {603-674},
}
@TechReport{Yan1987,
  author = 	 {L. YAN},
  title = 	 {An improved wind input source term for third generation ocean wave modelling.},
  institution =  { Royal Dutch Meteor. Inst},
  year = 	 {1987},
  type = 	 {Tech. Rep.,},
  number = 	 {8},
}
@Article{Young1996,
	author		= { I R YOUNG and L A. VERHAGEN},
	year		= {1996},
	title		= {The growth of fetch-limited waves in water of finite depth. Part I: total energy and peak frequency.},
	journal		= {Coastal Engg.},
	volume		= { 28},
	pages		= {47-78},
}

@Article{Kubatko2008,
author = {Ethan J. Kubatko  and Joannes J. Westerink },
title = {Exact Discontinuous Solutions of Exner\&\#x2019;s Bed Evolution Model: Simple Theory for Sediment Bores},
journal = {Journal of Hydraulic Engineering},
volume = {133},
number = {3},
pages = {305-311},
year = {2007},
}

@Inproceedings{Ata2012,
	author		= {R. ATA},
	year		= 2012,
	title		= {TELEMAC-2D new finite volume schemes for shallow water equations with source terms on 2D unstructured grids .},
	booktitle	= {Proc. 19th TELEMAC-MASCARET User Conference},
	pages		= {93-98},
}

@article{El-Kadi2012,
author = {Goutal, Nicole and Lacombe, J.-M and Zaoui, F and el Kadi Abderrezzak, Kamal},
year = {2012},
month = {01},
pages = {1169-1174},
title = {MASCARET: A 1-D open-source software for flow hydrodynamic and water quality in open channel networks},
volume = {2},
journal = {River Flow 2012 - Proceedings of the International Conference on Fluvial Hydraulics}
}

@PHDTHESIS{Joly2011,
url = "http://www.theses.fr/2011PEST1088",
title = "Mod\'elisation of the diffusive transport of algal blooms in a coastal environment using a stochastic method",
author = "Joly, Antoine",
year = "2011",
note = "Th\`ese de doctorat dirigée par Violeau, Damien M\'ecanique des fluides Paris Est 2011",
note = "2011PEST1088",
url = "http://www.theses.fr/2011PEST1088/document",
}

@PHDTHESIS{goeury2012,
url = "http://www.theses.fr/2012PEST1131",
title = "Mod\'elisation du transport des nappes d'hydrocarbures en zone continentale et estuarienne",
author = "Goeury, C\'edric",
year = "2012",
note = "Th\`ese de doctorat dirig\'ee par Hervouet, Jean-Michel M\'ecanique des fluides Paris Est 2012",
note = "2012PEST1131",
url = "http://www.theses.fr/2012PEST1131/document",
}

@PHDTHESIS{Teles2013,
title = "Wave-current modelling at local and regional scales",
author = "Maria João Teles",
school = "IST T\'ecnico Lisboa",
year = "2013",
note = "Phd supervised by António Alberto Pires Silva and Michel Benoit",
}

@techreport{elkadi_tracer_2012,
author={El Kadi Abderrezzak, K. and Luck, M.},
title={Outil de simulation 1-D MASCARET V7.1. Module de qualité d'eau TRACER. Note de principe},
institution={EDF R\&D-LNHE},
note="H-P73-2011-01786-FR",
year = {2012}
}

@article{kashefipour_dispersion_2002,
	title = {Longitudinal dispersion coefficients in natural channels},
	volume = {36},
	number = {6},
	journal = {Water Research},
	author = {Kashefipour, S.M. and Falconer, R.A.},
	year = {2002},
	pages = {1596--1608}
}

@article{streeter_ohio_1925,
	title = {A study of the pollution and natural purification of the Ohio River, III : Factors concerned in the phenomena of oxidation and reaeration},
	volume = {146},
	journal = {US Public Health Service, Washington DC},
	author = {Streeter, H.W. and Phelps, E.B.},
	year = {1925},
	pages = {1--75}
}

@book{tchobanoglous_wq_1985,
author = {Tchobanoglous, G. and Schroeder, E.},
title = {Water Quality},
publisher = {University of California at Davis, Addison-Wesley Publishing Company},
year = {1985}
}

@book{mccutcheon_wq_1989,
author = {Mc Cutcheon, S.C.},
title = {Water Quality Modelling},
volume = {I},
publisher = {Transport and Surface Exchange in Rivers. CRC press. Inc.},
year = {1989},
pages = {103--110}
}

@techreport{gosse_biomass_1983,
author={Gosse, P.},
title={Développement du phytoplancton dans un écosystème aquatique, code Biomass},
institution={EDF DER-ENV},
note="E 31.83 n$^\circ$30",
year = {1983}
}

@article{gosse_doubs_1989,
author={Gosse, P.},
title={Monitoring the quality of water in the Doubs river (France)},
journal = {Hydroécol. Appl. 1/2},
year = {1989}
pages = {85--116},
}

@techreport{gosse_doubs_1983,
author={Gosse, P.},
title={De la qualité des eaux du Doubs entre le Lougres et Dôle, de mai à octobre 1981},
institution={EDF-ENV, LNHE},
note="E 31/82 n$^\circ$21 + E 31/82 n$^\circ$55",
year = {1982}
}

@book{krone_flume_1962,
author = {Krone, R.B.},
title = {Flume studies of the transport of sediment in estuarial shoaling processes: final report},
publisher = {Hydr. Engr. and San. Engr., Res. Lab., Univ. Calif. Berkeley},
year = {1962}
}

@article{partheniades_erosion_deposition_1965,
author={Partheniades, E.},
title={Erosion and Deposition of Cohesive Soils},
journal = {Journal of the Hydraulics Division},
year = {1965},
volume = {91},
number = {HY 1},
pages = {105--139},
}

@techreport{ciffroy_doubs_1995,
author={Ciffroy, P.},
title={Les échanges de radioéléments à l’interface Eau-Matières en suspension.
Principe théorique et équations d’un modèle descriptif. Bilan des expérimentations in situ.},
institution={EDF DER-ENV},
note="HE-31/95/21",
year = {1995}
}

@article{gilbert_num_comp_nat_river_1986,
author={Gilbert, A. and Gras, R. and Roult, D.},
title={Numerical computation of natural river temperatures},
journal = {International Conference on Water Quality Modelling in The Inland Natural Environment, Bournemouth, England, 10-13 June 1986},
year = {1986},
pages = {457--472},
}

@techreport{klein_ray_solaire_1979,
author={Klein, P. and Momal, D.},
title={Méthode d'estimation du rayonnement solaire, sa mise en \oe uvre numérique},
institution={EDF DER-ENV},
note="HE/31-79.15",
year = {1979}
}

@book{perrin_ray_solaire_1963,
author = {Perrin de Brichambaut, C.},
title = {Rayonnement solaire et \'{e}changes radiatifs naturels},
publisher = {Ed. Gauthier-Villars},
year = {1963}
}

@book{perrin_res_solaires_1975,
author = {Perrin de Brichambaut, C.},
title = {Estimation des ressources \'{e}nerg\'{e}tiques solaires en France},
publisher = {Suppl\'{e}ment aux cahiers A.F.E.D.E.S. num\'{e}ro 1},
year = {1975}
}

@article{berliand_cloud_1952,
author = {Berliand, M.E. and Berliand, T.G.},
title =  {Measurement of the effective radiation of the earth with varying cloud amounts (in Russian)},
journal = {Izv. Akad. Nauk SSSR, Ser. Geofiz.},
volume = {1},
year = {1952},
pages = {64--78},
}

@article{berliand_radiatssi_1960,
author = {Berliand, T.G.},
title = {Metodika Kilamatologicheskikh naschetov summarnoi radiatsii},
journal = {Meteor. Hydrol.},
volume = {6},
pages = {9--12},
year = {1960}
}

@article{payne_albedo_1972,
author = {Payne R.E.},
title = {Albedo of the sea surface},
journal = {Journal of the Atmospheric Sciences},
volume = {29},
pages = {959--970},
year = {1972}
}

@article{paulson_irradiance_1977,
author = {Paulson, C.A. and Simpson, J.J.},
title = {Irradiance measurements in the upper ocean},
journal = {Journal of Physical Oceanography},
volume = {7},
pages = {952--956},
year = {1977}
}

@book{jerlov_optical_1968,
author = {Jerlov, N.G.},
title = {Optical oceanography},
publisher = {Ed. Elsevier},
year = {1968}
}

@book{kraus_atmos_1972,
author = {Kraus, E.B.},
title = {Atmosphere-Ocean Interaction},
publisher = {Oxford University Press},
year = {1972}
}

@book{salencon_lac_1997,
author = {Salencon, M.J. and Th\'{e}bault, J.M.},
title = {Mod\'{e}lisation d'\'{e}cosyst\`{e}me lacustre},
publisher = {Ed. Masson},
ISBN = {2-225-85627-3},
year = {1997}
}

@book{imerito_dyresm_2007,
author = {Imerito, A.},
title = {Dynamic Reservoir Simulation Model {DYRESM v4. V4.0 Science Manual}},
publisher = {Rapport du Centre for Water Research, University of Western Australia},
year = {2007}
}

@article{henderson-sellers_energy_balance_1986,
author = {Henderson-Sellers, B.},
title = {Calculating the surface energy balance for lake and reservoir modeling: A review},
journal = {Reviews of Geophysics},
volume = {24},
number = {3},
pages = {625--649},
year = {1986}
}

@book{tva_heat_1972,
author = {Tennessee Valley Authority},
title = {Heat and mass transfer between a water surface and the atmosphere},
publisher = {Water Resources Research Report No 0-6803},
year = {1972}
}

@article{sweers_wind_1976,
author = {Sweers, H.E.},
title = {Monograms to estimate the heat-exchange coefficient at the air-water interface as a function of wind speed and
temperature; a critical survey of some literature},
journal = {Journal of Hydrology},
volume = {30},
pages = {375--401},
year = {1976}
}

@book{Bijvelds1997,
author = {Bijvelds, M., Kranenburg, C. et Stelling, G. S.},
title = {3-D numerical simulation of turbulent shallow-water flow in a square harbour.},
journal = {Journal of the Hydraulics Divisions, ASCE.},
year = {1997}
}

@book{Faure1995,
author = {Faure, T. D.},
title = {Unsteady flow modelling on a beach using TELEMAC-2D.},
journal = {[éd.] American Geophysical Union. Quantitative skill Assessment for Coastal Ocean Models, Coastal and Estuarine 1995 Annual conference of the Canadian Society for Civil Engineering. Ottawa, Ontario : s.n.,},
year = {1995}
}
@article{Costas2007,
  author={Costas E Synolakis,Eddie N.Bernard, Vasily V. Titov, Utku Kanoglu, Frank I. Gonzalez},
  title={Standards, Criteria, nad Procedures for NOAA Evaluation of tsunami numerical models}
  journal={http://nctr.pmel.noaa.gov/benchmark/Laboratory/Laboratory_ConicalIsland/index.html},
  year={2007},
}
@article{Synolakis1986,
  author={Synolakis, C.E.},
  title={The runup of long waves},
  journal={PhD. Thesis, California Institute of Technology},
  year={1986},
}
@article{Synolakis1987,
  author={Synolakis, C.E.},
  title={The runup of solitary waves},
  journal={J. Fluid. Mech., 185, 523-545.},
  year={1987},
}

