@phdthesis{Tayachi2013,
Author = {M. Tayachi},
school = {Univ. Grenoble Alpes},
Pages = {165},
Title = {Couplage de mod\`{e}les de dimensions h\'{e}t\'{e}rog\`{e}nes et application en hydrodynamique},
Year = {2013}
}

@article{Tayachi2014,
author = {M. Tayachi and A. Rousseau and E. Blayo and N. Goutal and V. Martin},
title = {Design and analysis of a {S}chwarz coupling method for a dimensionally
	heterogeneous problem.},
  journal = {International Journal for Numerical Methods in Fluids},
volume = {75},
pages = {446-465},
number = {6},
Year = {2014}
}

@article{piacentini2011palm,
journal = {Proceedings of the 4th International Conference on Computational Methods for Coupled Problems in Science and Engineering, COUPLED PROBLEMS 2011},
title = {O-Palm: An open source dynamic parallel coupler},
author = {A. Piacentini and T. Morel and F. Duchaine and A. Thevenin},
year = {2011}
}

@article{Malleron2011,
Author = {N. Malleron and F. Zaoui and N. Goutal and T. Morel},
Doi = {10.1016/j.envsoft.2011.05.017},
Journal = {Environmental Modelling and Software},
Number = {12},
Pages = {1747--1758},
Publisher = {Elsevier Ltd},
Title = {On the use of a high-performance framework for efficient model coupling in hydroinformatics},
Volume = {26},
Year = {2011}
}

@article{Barthelemy2018,
author = {S. Barth\'el\'emy and S. Ricci and T. Morel and N. Goutal and E. {Le Pape} and F. Zaoui},
title = {On operational flood forecasting system involving 1D/2D coupled hydraulic model and data assimilation},
journal = {Journal of Hydrology},
volume = {562},
pages = {623--634},
year = {2018},
doi = {10.1016/j.jhydrol.2018.05.007}
}

@phdthesis{BarthelemyPhD,
Author = {S. Barth\'el\'emy},
School = {Institut National Polytechnique de Toulouse},
Title = {Assimilation de donn\'ees ensembliste et couplage de mod\`eles hydrauliques 1D-2D pour la pr\'evisiond es crues en temps r\'eel. Application au r\'eseau hydraulique Adour Maritime.},
Year = {2015}
}
    
@inproceedings{Ricci2018EoCoE,
author = {S. Ricci and N. Goutal and M. Parisot and S. Barth\'el\'emy and P. Roy and M. De Lozzo},
title = {Estimates
of hydraulic variables and uncertainty estimates for major rivers in France used for
hydropower production},
booktitle = {TR-CMGC-18-204, CERFACS},
year  = {2018}
} 

@phdthesis{PhDDaou,
Author = {M-P. Daou},
School = {Université Grenoble Alpes},
Title = {Développement d’une méthodologie de couplage multimodèle avec
changements de dimension. Validation sur un cas-test réaliste.},
Year = {2016}
}    

